@inproceedings{Bougnoux,
  author = {Bougnoux, Sylvain},
  booktitle = {ICCV},
  ee = {http://doi.ieeecomputersociety.org/10.1109/ICCV.1998.710808},
  interhash = {476b000eee5774145e53c11296a5c11b},
  intrahash = {89b896239f1520d71e072fb68dd418c8},
  pages = {790-798},
  title = {From Projective to Euclidean Space Under any Practical Situation, a Criticism of Self-Calibration.},
  url = {http://dblp.uni-trier.de/db/conf/iccv/iccv1998.html#Bougnoux98},
  year = 1998
}


@INPROCEEDINGS{HartleyPriors,
    author = {Richard Hartley and Chanop Silpa-anan},
    title = {Reconstruction from two views using approximate calibration},
    booktitle = {Proc. 5th Asian Conf. Comput. Vision},
    year = {2002},
    pages = {338--343}
}

@InProceedings{generator,
  IS = { zkontrolovano 18 Jan 2009 },
  UPDATE  = { 2008-12-23 },
  author =      {Kukelova, Zuzana and Bujnak, Martin and Pajdla, Tomas},
  title =       {Automatic Generator of Minimal Problem Solvers},
  year =        {2008},
  pages =       {302-315},
  booktitle =   {Computer Vision - ECCV 2008, 10th European Conference on
                 Computer Vision, Proceedings, Part III},
}

@TECHREPORT{Demazure,
	AUTHOR       = "Demazure M.",
	TITLE        = "Sur Deux Problemes de Reconstruction",
	INSTITUTION  = "INRIA",
	YEAR         = "1988",
	NUMBER       = "882",
}

@Misc{Macaulay,
          author = {Grayson, Daniel R. and Stillman, Michael E.},
          title = {Macaulay2, a software system for research in algebraic geometry},
          howpublished = {Available at \url{http://www.math.uiuc.edu/Macaulay2/}}
}
        
@article{OnExistence,
  author    = {Sameer Agarwal and
               Hon{-}leung Lee and
               Bernd Sturmfels and
               Rekha R. Thomas},
  title     = {On the Existence of Epipolar Matrices},
  journal   = {CoRR},
  volume    = {abs/1510.01401},
  year      = {2015},
  url       = {http://arxiv.org/abs/1510.01401},
  timestamp = {Sun, 01 Nov 2015 17:30:44 +0100},
  biburl    = {http://dblp.uni-trier.de/rec/bib/journals/corr/AgarwalLST15},
  bibsource = {dblp computer science bibliography, http://dblp.org}
}


@INPROCEEDINGS{Hartley2foc,
    author = {Richard I. Hartley},
    title = {Estimation of relative camera positions for uncalibrated cameras},
    booktitle = {},
    year = {1992},
    pages = {579--587},
    publisher = {Springer-Verlag}
}

@inproceedings{Aki6pt,
  author = {Torii, Akihiko and Kukelova, Zuzana and Bujnak, Martin and Pajdla, Tomás},
  biburl = {http://www.bibsonomy.org/bibtex/28e4a49a38616807d8472d68f377871fa/dblp},
  booktitle = {ACCV Workshops (2)},
  year = 2010
}

@book{Cox1,
 author = {Cox, David A. and Little, John and O'Shea, Donal},
 title = {Ideals, Varieties, and Algorithms: An Introduction to Computational Algebraic Geometry and Commutative Algebra, 3/e (Undergraduate Texts in Mathematics)},
 year = {2007},
 isbn = {0387356509},
 publisher = {Springer-Verlag New York, Inc.},
 address = {Secaucus, NJ, USA},
} 

@Book{Cox2, 
 author = {Cox, David A. and Little, John and O'Shea, Donal},
 title = {Using Algebraic Geometry},
 year = {2005},
 isbn = {978-0-387-20706-3},
 publisher = {Springer-Verlag New York, Inc.},
 address = {Secaucus, NJ, USA},
}

@INPROCEEDINGS{CNN, 
author={S. Workman and C. Greenwell and M. Zhai and R. Baltenberger and N. Jacobs}, 
booktitle={2015 IEEE International Conference on Image Processing (ICIP)}, 
title={DEEPFOCAL: A method for direct focal length estimation}, 
year={2015}, 
pages={1369-1373}, 
keywords={calibration;cameras;computational geometry;convolution;estimation theory;image processing;neural nets;DEEPFOCAL method;Internet photo collections;calibration grid;camera calibration;coplanar circles;deep convolutional neural network;direct focal length estimation;geometric calibration objects;image preprocessing;natural images;orthogonal vanishing points;raw pixel intensities;single-view focal length estimation;Calibration;Cameras;Estimation;Neural networks;Testing;Training;Visualization;camera calibration;convolutional neural network;focal length estimation}, 
doi={10.1109/ICIP.2015.7351024}, 
month={Sept},}

@article{Kanatani3,
  title={Decomposing Three Fundamental Matrices for Initializing 3-D Reconstruction from Three Views},
  author={Yasushi Kanazawa and Yasuyuki Sugaya and Kenichi Kanatani},
  journal={IPSJ Transactions on Computer Vision and Applications},
  volume={6},
  number={ },
  pages={120-131},
  year={2014},
  doi={10.2197/ipsjtcva.6.120}
}

@Article{KanataniSub,
author="Kanatani, Kenichi
and Nakatsuji, Atsutada
and Sugaya, Yasuyuki",
title="Stabilizing the Focal Length Computation for 3-D Reconstruction from Two Uncalibrated Views",
journal="International Journal of Computer Vision",
year="2006",
volume="66",
number="2",
pages="109--122",
abstract="In order to reconstruct 3-D shape from two uncalibrated views, one needs to resolve two problems: (i) the computed focal lengths can be imaginary; (ii) the computation fails for fixated images. We present a practical remedy for these by subsampling feature points and fixing the focal length. We first summarize theoretical backgrounds and then do simulations, which reveal a rather surprising fact that when the focal length is actually fixed, not using that knowledge yields better results for non-fixated images. We give an explanation to this seeming paradox and derive a hybrid method switching the computation by judging whether or not the images are fixated. Doing simulations and real image experiments, we demonstrate the effectiveness of our method.",
issn="1573-1405",
doi="10.1007/s11263-005-3952-y",
url="http://dx.doi.org/10.1007/s11263-005-3952-y"
}

@inproceedings{Stew6pt,
  added-at = {2014-07-31T00:00:00.000+0200},
  author = {Stewénius, Henrik and Nistér, David and Kahl, Fredrik and Schaffalitzky, Frederik},
  biburl = {http://www.bibsonomy.org/bibtex/2ec241f90d4e2973acc015b3a76d06f5f/dblp},
  booktitle = {CVPR (2)},
  ee = {http://doi.ieeecomputersociety.org/10.1109/CVPR.2005.36},
  interhash = {eb97ce1f03e74f015660894c60493908},
  intrahash = {ec241f90d4e2973acc015b3a76d06f5f},
  isbn = {0-7695-2372-2},
  keywords = {dblp},
  pages = {789-794},
  publisher = {IEEE Computer Society},
  timestamp = {2016-06-24T12:36:02.000+0200},
  title = {A Minimal Solution for Relative Pose with Unknown Focal Length.},
  url = {http://dblp.uni-trier.de/db/conf/cvpr/cvpr2005-2.html#SteweniusNKS05},
  year = 2005
}

@article{Cheirality,
  added-at = {2008-08-11T00:00:00.000+0200},
  author = {Hartley, Richard I.},
  biburl = {http://www.bibsonomy.org/bibtex/2042762ae8891e25aeacd14e5f1ff2076/dblp},
  date = {2008-08-11},
  description = {dblp},
  ee = {http://dx.doi.org/10.1023/A:1007984508483},
  interhash = {723c871863572552fce822ed28c275bf},
  intrahash = {042762ae8891e25aeacd14e5f1ff2076},
  journal = {International Journal of Computer Vision},
  keywords = {dblp},
  number = 1,
  pages = {41-61},
  timestamp = {2008-08-12T11:56:13.000+0200},
  title = {Chirality.},
  url = {http://dblp.uni-trier.de/db/journals/ijcv/ijcv26.html#Hartley98},
  volume = 26,
  year = 1998
}

@Book{HartZiss, 
    author = "Hartley, R.~I. and Zisserman, A.",
    title = "Multiple View Geometry in Computer Vision",
    edition = "Second",
    year = "2004",
    publisher = "Cambridge University Press, ISBN: 0521540518"
}

@INPROCEEDINGS{KanataniClosed,
    author = {Kenichi Kanatani and Chikara Matsunaga},
    title = {Closed-Form Expression for Focal Lengths from the Fundamental Matrix},
    booktitle = {in Proc. 4th Asian Conf. Computer Vision},
    year = {2000},
    pages = {128--133}
}

@article{Zuzana5pt,
author = {Zuzana Kukelova, and Martin Bujnak, and Tomas Pajdla, },
title = {Polynomial Eigenvalue Solutions to Minimal Problems in Computer Vision},
journal = {IEEE Transactions on Pattern Analysis and Machine Intelligence},
volume = {34},
number = {},
issn = {0162-8828},
year = {2011},
pages = {1381-1393},
doi = {doi.ieeecomputersociety.org/10.1109/TPAMI.2011.230},
publisher = {IEEE Computer Society},
address = {Los Alamitos, CA, USA},
}

@article{HartleyDefense,
 author = {Hartley, Richard I.},
 title = {In Defense of the Eight-Point Algorithm},
 journal = {IEEE Trans. Pattern Anal. Mach. Intell.},
 issue_date = {June 1997},
 volume = {19},
 number = {6},
 month = jun,
 year = {1997},
 issn = {0162-8828},
 pages = {580--593},
 numpages = {14},
 url = {http://dx.doi.org/10.1109/34.601246},
 doi = {10.1109/34.601246},
 acmid = {262634},
 publisher = {IEEE Computer Society},
 address = {Washington, DC, USA},
 keywords = {Fundamental matrix, eight-point algorithm, condition number, epipolar structure, stereo vision.},
} 

@incollection{Higgins,
 author = {Longuet-Higgins, H. C.},
 chapter = {A Computer Algorithm for Reconstructing a Scene from Two Projections},
 title = {Readings in Computer Vision: Issues, Problems, Principles, and Paradigms},
 editor = {Fischler, Martin A. and Firschein, Oscar},
 year = {1987},
 isbn = {0-934613-33-8},
 pages = {61--62},
 numpages = {2},
 url = {http://dl.acm.org/citation.cfm?id=33517.33523},
 acmid = {33523},
 publisher = {Morgan Kaufmann Publishers Inc.},
 address = {San Francisco, CA, USA},
} 

@article{SURF,
 author = {Bay, Herbert and Ess, Andreas and Tuytelaars, Tinne and Van Gool, Luc},
 title = {Speeded-Up Robust Features (SURF)},
 journal = {Comput. Vis. Image Underst.},
 issue_date = {June, 2008},
 volume = {110},
 number = {3},
 month = jun,
 year = {2008},
 issn = {1077-3142},
 pages = {346--359},
 numpages = {14},
 url = {http://dx.doi.org/10.1016/j.cviu.2007.09.014},
 doi = {10.1016/j.cviu.2007.09.014},
 acmid = {1370556},
 publisher = {Elsevier Science Inc.},
 address = {New York, NY, USA},
 keywords = {Camera calibration, Feature description, Interest points, Local features, Object recognition},
} 


@article{SIFT,
 author = {Lowe, David G.},
 title = {Distinctive Image Features from Scale-Invariant Keypoints},
 journal = {Int. J. Comput. Vision},
 issue_date = {November 2004},
 volume = {60},
 number = {2},
 month = nov,
 year = {2004},
 issn = {0920-5691},
 pages = {91--110},
 numpages = {20},
 url = {http://dx.doi.org/10.1023/B:VISI.0000029664.99615.94},
 doi = {10.1023/B:VISI.0000029664.99615.94},
 acmid = {996342},
 publisher = {Kluwer Academic Publishers},
 address = {Hingham, MA, USA},
 keywords = {image matching, invariant features, object recognition, scale invariance},
} 


@article{RANSAC,
 author = {Fischler, Martin A. and Bolles, Robert C.},
 title = {Random Sample Consensus: A Paradigm for Model Fitting with Applications to Image Analysis and Automated Cartography},
 journal = {Commun. ACM},
 issue_date = {June 1981},
 volume = {24},
 number = {6},
 month = jun,
 year = {1981},
 issn = {0001-0782},
 pages = {381--395},
 numpages = {15},
 url = {http://doi.acm.org/10.1145/358669.358692},
 doi = {10.1145/358669.358692},
 acmid = {358692},
 publisher = {ACM},
 address = {New York, NY, USA},
 keywords = {automated cartography, camera calibration, image matching, location determination, model fitting, scene analysis},
} 


@misc{openMVG,
author = "Pierre Moulon and Pascal Monasse and Renaud Marlet and Others",
 title = "OpenMVG. An Open Multiple View Geometry library.",
howpublished = "\url{https://github.com/openMVG/openMVG}",
}
  
@inproceedings{colmap,
author = {Sch\"{o}nberger, Johannes Lutz and Frahm, Jan-Michael},
title = {Structure-from-Motion Revisited},
booktitle={IEEE Conference on Computer Vision and Pattern Recognition (CVPR)},
year={2016},
}

@inproceedings{bundler,
 author = {Snavely, Noah and Seitz, Steven M. and Szeliski, Richard},
 title = {Photo Tourism: Exploring Photo Collections in 3D},
 booktitle = {ACM SIGGRAPH 2006 Papers},
 series = {SIGGRAPH '06},
 year = {2006},
 isbn = {1-59593-364-6},
 location = {Boston, Massachusetts},
 pages = {835--846},
 numpages = {12},
 url = {http://doi.acm.org/10.1145/1179352.1141964},
 doi = {10.1145/1179352.1141964},
 acmid = {1141964},
 publisher = {ACM},
 address = {New York, NY, USA},
 keywords = {image-based modeling, image-based rendering, photo browsing, structure from motion},
} 

@article{Nister5pt,
 author = {Nist{\'e}r, David},
 title = {An Efficient Solution to the Five-Point Relative Pose Problem},
 journal = {IEEE Trans. Pattern Anal. Mach. Intell.},
 issue_date = {June 2004},
 volume = {26},
 number = {6},
 month = jun,
 year = {2004},
 issn = {0162-8828},
 pages = {756--777},
 numpages = {22},
 url = {http://dx.doi.org/10.1109/TPAMI.2004.17},
 doi = {10.1109/TPAMI.2004.17},
 acmid = {987623},
 publisher = {IEEE Computer Society},
 address = {Washington, DC, USA},
 keywords = {Imaging geometry, Imaging geometry, motion, relative orientation, structure from motion, camera calibration, ego-motion estimation, scene reconstruction., camera calibration, ego-motion estimation, motion, relative orientation, scene reconstruction., structure from motion},
} 

@article{USAC,
  author    = {Rahul Raguram and
               Ondrej Chum and
               Marc Pollefeys and
               Jiri Matas and
               Jan{-}Michael Frahm},
  title     = {{USAC:} {A} Universal Framework for Random Sample Consensus},
  journal   = {{IEEE} Trans. Pattern Anal. Mach. Intell.},
  volume    = {35},
  number    = {8},
  pages     = {2022--2038},
  year      = {2013}
}

@TECHREPORT{Chandraker,
  title={Two-View Focal Length Estimation for All Camera Motions Using Priors},
  author={Manmohan Krishna Chandraker},
  year={2004}
}